<collection xmlns="http://www.loc.gov/MARC21/slim">
<record>
  <leader>01594nam0a2200289 i 450 </leader>
  <controlfield tag="001">IT\ICCU\CNCE\068498</controlfield>
  <controlfield tag="005">20110530000000.0</controlfield>
  <datafield tag="012" ind1=" " ind2=" ">
    <subfield code="a">e-r. m-s- ino. Bate (3) 1541 (R)</subfield>
    <subfield code="2">fei</subfield>
  </datafield>
  <datafield tag="100" ind1=" " ind2=" ">
    <subfield code="a">20061019d1541        0itac0103    ba</subfield>
  </datafield>
  <datafield tag="101" ind1=" " ind2=" ">
    <subfield code="a">LAT</subfield>
  </datafield>
  <datafield tag="102" ind1=" " ind2=" ">
    <subfield code="a">IT</subfield>
  </datafield>
  <datafield tag="200" ind1="1" ind2=" ">
    <subfield code="a">Difficilime et subtiliss. L. precibus C. de impub. et al. sub. Interpretatio tertia, Marci de Mantua, Bonauitis cognomento Patauini iuriscon. Tractatum copiosissimum, non minus que utilem, substitutionum continens, tum vel maxime vulgaris, pupillaris, &amp; compendiose. Additio etiam Non abre in fine ipsius. Compendiolo priuilegiorum militarium haud quaquam contemnendo</subfield>
  </datafield>
  <datafield tag="210" ind1=" " ind2=" ">
    <subfield code="d">1541 mense maio</subfield>
    <subfield code="e">Venetiis</subfield>
    <subfield code="g">Aurelius Pincius Venetus imprimebat</subfield>
    <subfield code="h">1541</subfield>
  </datafield>
  <datafield tag="215" ind1=" " ind2=" ">
    <subfield code="a">20 c.</subfield>
    <subfield code="d">fol</subfield>
  </datafield>
  <datafield tag="620" ind1=" " ind2=" ">
    <subfield code="a">IT</subfield>
    <subfield code="d">Venezia</subfield>
  </datafield>
  <datafield tag="700" ind1=" " ind2="1">
    <subfield code="a">Mantova Benavides,</subfield>
    <subfield code="b">Marco</subfield>
    <subfield code="3">IT\ICCU\CNCA\004333</subfield>
  </datafield>
  <datafield tag="712" ind1="0" ind2="0">
    <subfield code="a">Pinzi, Aurelio</subfield>
    <subfield code="3">IT\ICCU\CNCT\000792</subfield>
    <subfield code="4">650</subfield>
  </datafield>
  <datafield tag="790" ind1=" " ind2="0">
    <subfield code="a">Mantua</subfield>
    <subfield code="c"> : Patavinus</subfield>
    <subfield code="3">IT\ICCU\CNCA\005365</subfield>
    <subfield code="z">Mantova Benavides, Marco</subfield>
  </datafield>
  <datafield tag="790" ind1=" " ind2="1">
    <subfield code="a">Mantua Bonavitus,</subfield>
    <subfield code="b">Marcus</subfield>
    <subfield code="3">IT\ICCU\CNCA\008171</subfield>
    <subfield code="z">Mantova Benavides, Marco</subfield>
  </datafield>
  <datafield tag="790" ind1=" " ind2="1">
    <subfield code="a">Benavides,</subfield>
    <subfield code="b">Marco</subfield>
    <subfield code="3">IT\ICCU\CNCA\012606</subfield>
    <subfield code="z">Mantova Benavides, Marco</subfield>
  </datafield>
  <datafield tag="790" ind1=" " ind2="1">
    <subfield code="a">Mantua Benavidius,</subfield>
    <subfield code="b">Marcus</subfield>
    <subfield code="3">IT\ICCU\CNCA\014564</subfield>
    <subfield code="z">Mantova Benavides, Marco</subfield>
  </datafield>
  <datafield tag="791" ind1="0" ind2="0">
    <subfield code="a">Pintius, Aurelius</subfield>
    <subfield code="3">IT\ICCU\CNCT\002521</subfield>
    <subfield code="z">Pinzi, Aurelio</subfield>
  </datafield>
  <datafield tag="791" ind1="0" ind2="0">
    <subfield code="a">Pincius, Aurelius</subfield>
    <subfield code="3">IT\ICCU\CNCT\004045</subfield>
    <subfield code="z">Pinzi, Aurelio</subfield>
  </datafield>
  <datafield tag="791" ind1="0" ind2="0">
    <subfield code="a">Pincio, Aurelio</subfield>
    <subfield code="3">IT\ICCU\CNCT\005434</subfield>
    <subfield code="z">Pinzi, Aurelio</subfield>
  </datafield>
  <datafield tag="801" ind1=" " ind2="3">
    <subfield code="a">IT</subfield>
    <subfield code="b">ICCU</subfield>
    <subfield code="c">20201115</subfield>
  </datafield>
  <datafield tag="899" ind1=" " ind2=" ">
    <subfield code="a">Biblioteca Ambrosiana. Milano</subfield>
    <subfield code="1">MI0133</subfield>
    <subfield code="2">VBA 01</subfield>
  </datafield>
  <datafield tag="899" ind1=" " ind2=" ">
    <subfield code="a">Biblioteca universitaria. Padova</subfield>
    <subfield code="1">PD0158</subfield>
    <subfield code="2">PUV 00</subfield>
  </datafield>
</record>
</collection>
